@book{cormen2009,
  title={Introduction to Algorithms},
  author={Cormen, Thomas H. and Leiserson, Charles E. and Rivest, Ronald L. and Stein, Clifford},
  year={2009},
  publisher={MIT Press},
  edition={3rd}
}

@article{hoare1961,
  title={Quicksort},
  author={Hoare, C. A. R.},
  journal={The Computer Journal},
  volume={5},
  number={1},
  pages={10--15},
  year={1961}
}

@online{peters2002,
  title={Timsort: A stable sorting algorithm},
  author={Peters, Tim},
  year={2002},
  url={https://bugs.python.org/file4451/timsort.txt},
  urldate={2024-01-21}
}

@online{lafore2002,
  title={Data Structures and Algorithms in Java},
  author={Lafore, Robert},
  year={2002},
  publisher={Sams Publishing},
  url={https://www.amazon.com/Data-Structures-Algorithms-Java-2nd/dp/0672324539},
  urldate={2024-01-21}
}

@article{sedgewick1978,
  title={Implementing Quicksort programs},
  author={Sedgewick, Robert},
  journal={Communications of the ACM},
  volume={21},
  number={10},
  pages={847--857},
  year={1978},
  publisher={ACM New York, NY, USA}
}

@article{mcilroy1993,
  title={Optimistic sorting and information theoretic complexity},
  author={McIlroy, Peter M},
  year={1993},
  publisher={Fourth Annual ACM-SIAM Symposium on Discrete Algorithms}
}

@online{knuth1998,
  title={The Art of Computer Programming, Volume 3: Sorting and Searching},
  author={Knuth, Donald E.},
  year={1998},
  publisher={Addison-Wesley Professional},
  url={https://www.amazon.com/Computer-Programming-Volume-Sorting-Searching/dp/0201896850},
  urldate={2024-01-21}
}
@phdthesis{hulin2017performance,
  title={Performance analysis of Sorting Algorithms},
  author={Hul{\'\i}n, Matej},
  year={2017},
  school={Thesis, Masaryk University Faculty of Informatics, Pole-Ponava, Czechia}
}
@misc{WikipediaTimsort,
  title = {Timsort},
  url = {https://en.wikipedia.org/wiki/Timsort},
  urldate = {2024-01-22},
}

@misc{StackOverflowTimsort,
  title = {Is Timsort stable? Is it better than Quicksort?},
  url = {https://stackoverflow.com/questions/53361100/timsort-execution-time-in-python},
  urldate = {2024-01-22},
}

@misc{GeeksforGeeksTimsort,
  title = {Time Complexities of All Sorting Algorithms},
  url = {https://www.geeksforgeeks.org/time-complexities-of-all-sorting-algorithms/},
  urldate = {2024-01-22},
}